[gd_scene load_steps=13 format=2]

[ext_resource path="res://Scenes/Day_1/Food_stall.gd" type="Script" id=1]
[ext_resource path="res://Assets/Backgrounds/Food Stall.png" type="Texture" id=2]
[ext_resource path="res://Scenes/Player.tscn" type="PackedScene" id=3]
[ext_resource path="res://Scenes/Day_1/ShopUI.tscn" type="PackedScene" id=4]
[ext_resource path="res://Scenes/Change Scene.gd" type="Script" id=5]
[ext_resource path="res://Scenes/GUI_touches_inventory.tscn" type="PackedScene" id=6]
[ext_resource path="res://Scenes/Pause Menu.tscn" type="PackedScene" id=7]
[ext_resource path="res://Scenes/Cutscene_Dialogue.tscn" type="PackedScene" id=8]
[ext_resource path="res://Scenes/Change Scene.tscn" type="PackedScene" id=9]
[ext_resource path="res://Scenes/Fade.tscn" type="PackedScene" id=10]

[sub_resource type="RectangleShape2D" id=1]

[sub_resource type="RectangleShape2D" id=2]
extents = Vector2( 0.317315, 0.95869 )

[node name="Food Stall" type="Node2D"]
position = Vector2( 1, 0 )
script = ExtResource( 1 )

[node name="Food Stall" type="Sprite" parent="."]
position = Vector2( 723.464, 258.886 )
scale = Vector2( 1.79808, 1.134 )
texture = ExtResource( 2 )

[node name="Area2D" type="Area2D" parent="."]
position = Vector2( 371.51, 279.625 )
scale = Vector2( 4.72, 4.72 )

[node name="CollisionShape2D" type="CollisionShape2D" parent="Area2D"]
position = Vector2( 89.0023, 15.2911 )
shape = SubResource( 1 )

[node name="Player" parent="." instance=ExtResource( 3 )]
position = Vector2( 162.434, 400.25 )
scale = Vector2( 10, 10 )
screen_restrict = true
speed = 200

[node name="Shop" parent="." instance=ExtResource( 4 )]
position = Vector2( 377.052, 255.989 )

[node name="Control" parent="." instance=ExtResource( 6 )]

[node name="Pause Menu Canvas" parent="." instance=ExtResource( 7 )]

[node name="Cutscene Dialogue" parent="." instance=ExtResource( 8 )]
visible = false
position = Vector2( -4.17386, -14.1998 )
dialogue = [ "There are a few restaurants nearby.", "I decided to get more food by begging." ]

[node name="Change Scene" type="Area2D" parent="."]
position = Vector2( 1438.18, 492.651 )
scale = Vector2( -2.8645, 2.35139 )
script = ExtResource( 5 )
__meta__ = {
"_edit_group_": true
}
target_stage = "res://Scenes/Day_1/Restaurants.tscn"

[node name="CollisionShape2D" type="CollisionShape2D" parent="Change Scene"]
position = Vector2( 0.0819397, 0.132935 )
rotation = -3.14159
scale = Vector2( 18.1651, -27.5325 )
shape = SubResource( 2 )

[node name="Change Scene2" parent="." instance=ExtResource( 9 )]
position = Vector2( -0.493958, 529.308 )
target_stage = "res://Scenes/Day_1/Junkshop Right.tscn"

[node name="Fade" parent="." instance=ExtResource( 10 )]
visible = false
[connection signal="area_entered" from="Area2D" to="Shop" method="_on_Area2D_area_entered"]
[connection signal="area_exited" from="Area2D" to="Shop" method="_on_Area2D_area_exited"]
[connection signal="bought" from="Shop" to="." method="_on_Shop_bought"]
[connection signal="OnScreen_Ui" from="Control" to="Player" method="_on_Control_OnScreen_Ui"]
[connection signal="end" from="Cutscene Dialogue" to="." method="_on_Cutscene_Dialogue_end"]
[connection signal="body_entered" from="Change Scene" to="Change Scene" method="_on_Change_Scene_body_entered"]
